@book{smith1985numerical,
  title={Numerical solution of partial differential equations: finite difference methods},
  author={Smith, Gordon D},
  year={1985},
  publisher={Oxford university press}
}

